% Encoding: UTF-8

@Misc{LearningPerformance,
  author       = {James MacGlashan},
  title        = {How do I measure learning performance in Q-Learning?},
  howpublished = {Online},
  month        = aug,
  year         = {2016},
  timestamp    = {2018-05-17},
}

@Comment{jabref-meta: databaseType:bibtex;}
